<record><leader>00000cas a22000007a 4500</leader><controlfield tag="001">12562710</controlfield><controlfield tag="008">850916d18781879inuwr ne      0    0eng d</controlfield><datafield ind1=" " ind2=" " tag="010"><subfield code="a">sn 85048066 </subfield></datafield><datafield ind1=" " ind2=" " tag="040"><subfield code="a">NPI</subfield><subfield code="b">eng</subfield><subfield code="c">NPI</subfield><subfield code="d">OCLCQ</subfield></datafield><datafield ind1=" " ind2=" " tag="042"><subfield code="a">msc</subfield></datafield><datafield ind1="0" ind2=" " tag="130"><subfield code="a">Democrat (Corydon, Ind.)</subfield></datafield><datafield ind1="1" ind2="4" tag="245"><subfield code="a">The Democrat.</subfield></datafield><datafield ind1=" " ind2=" " tag="260"><subfield code="a">Corydon, Ind. :</subfield><subfield code="b">Stockslager &amp; Askren,</subfield><subfield code="c">-1879.</subfield></datafield><datafield ind1=" " ind2=" " tag="310"><subfield code="a">Weekly</subfield></datafield><datafield ind1="1" ind2=" " tag="362"><subfield code="a">Began in 1878?</subfield></datafield><datafield ind1="0" ind2=" " tag="362"><subfield code="a">-v. 23, no. 1 (Mar. 18, 1879).</subfield></datafield><datafield ind1=" " ind2=" " tag="588"><subfield code="a">Description based on: Vol. 22, no. 45 (Jan. 21, 1879).</subfield></datafield><datafield ind1=" " ind2=" " tag="752"><subfield code="a">United States</subfield><subfield code="b">Indiana</subfield><subfield code="c">Harrison</subfield><subfield code="d">Corydon.</subfield></datafield><datafield ind1="0" ind2="0" tag="780"><subfield code="t">Corydon Democrat (Corydon, Ind. : 1865)</subfield><subfield code="w">(DLC)sn 84027297</subfield></datafield><datafield ind1="0" ind2="0" tag="785"><subfield code="t">Corydon Democrat (Corydon, Ind. : 1879)</subfield><subfield code="w">(DLC)sn 85048065</subfield></datafield><datafield ind1="1" ind2=" " tag="029"><subfield code="a">AU@</subfield><subfield code="b">000023410797</subfield></datafield></record>